<record><leader>00000cas a22000007a 4500</leader><controlfield tag="001">36814986</controlfield><controlfield tag="008">970428d1910191uokuwr n       0    0eng d</controlfield><datafield ind1=" " ind2=" " tag="010"><subfield code="a">sn 97064841 </subfield></datafield><datafield ind1=" " ind2=" " tag="040"><subfield code="a">OBN</subfield><subfield code="b">eng</subfield><subfield code="c">OBN</subfield><subfield code="d">OCLCQ</subfield><subfield code="d">OCLCO</subfield></datafield><datafield ind1="1" ind2=" " tag="029"><subfield code="a">AU@</subfield><subfield code="b">000013251012</subfield></datafield><datafield ind1=" " ind2=" " tag="042"><subfield code="a">msc</subfield></datafield><datafield ind1="0" ind2="4" tag="245"><subfield code="a">The Kaw City tribune.</subfield></datafield><datafield ind1=" " ind2=" " tag="260"><subfield code="a">Kaw City, Kay County, Okla. :</subfield><subfield code="b">W.B. Frost</subfield></datafield><datafield ind1=" " ind2=" " tag="300"><subfield code="a">v.</subfield></datafield><datafield ind1=" " ind2=" " tag="310"><subfield code="a">Weekly</subfield></datafield><datafield ind1="0" ind2=" " tag="362"><subfield code="a">Vol. 9, no. 8 (Aug. 26, 1910)-</subfield></datafield><datafield ind1=" " ind2="0" tag="651"><subfield code="a">Kaw City (Okla.)</subfield><subfield code="v">Newspapers.</subfield></datafield><datafield ind1=" " ind2="0" tag="651"><subfield code="a">Kay County (Okla.)</subfield><subfield code="v">Newspapers.</subfield></datafield><datafield ind1=" " ind2=" " tag="752"><subfield code="a">United States</subfield><subfield code="b">Oklahoma</subfield><subfield code="c">Kay</subfield><subfield code="d">Kaw City.</subfield></datafield><datafield ind1="0" ind2="0" tag="780"><subfield code="t">Kaw City star</subfield><subfield code="w">(DLC)sn 97064840</subfield><subfield code="w">(OCoLC)36814958</subfield></datafield></record>